<?xml version="1.0" encoding="UTF-8"?>
<record xmlns="http://www.loc.gov/MARC21/slim">
   <leader>01406cam a2200337 a 4500</leader>
   <controlfield tag="001">485203</controlfield>
   <controlfield tag="008">830722s1981    abc          s    0 eng c</controlfield>
   <datafield tag="035" ind1=" " ind2=" ">
      <subfield code="a">ocm65680228</subfield>
   </datafield>
   <datafield tag="040" ind1=" " ind2=" ">
      <subfield code="b">eng</subfield>
   </datafield>
   <datafield tag="043" ind1=" " ind2=" ">
      <subfield code="a">n-cn-ab</subfield>
   </datafield>
   <datafield tag="049" ind1=" " ind2=" ">
      <subfield code="a">aeu</subfield>
      <subfield code="b">eng</subfield>
   </datafield>
   <datafield tag="050" ind1=" " ind2="4">
      <subfield code="a">TD 883.7 C22 E3</subfield>
      <subfield code="b">A333 1981</subfield>
   </datafield>
   <datafield tag="090" ind1=" " ind2=" ">
      <subfield code="a">TD 883.9 P64 A333 1981</subfield>
      <subfield code="b">AEEN</subfield>
   </datafield>
   <datafield tag="090" ind1="0" ind2="0">
      <subfield code="a">TD 883.7 C22 P6 A333 1981</subfield>
      <subfield code="b">AEU</subfield>
   </datafield>
   <datafield tag="110" ind1="1" ind2=" ">
      <subfield code="a">Alberta.</subfield>
      <subfield code="b">Air Quality Control Branch.</subfield>
   </datafield>
   <datafield tag="240" ind1="0" ind2="0">
      <subfield code="a">A survey of the ambient air quality in the Pincher Creek area January 1 to March 24, 1981 // prepared by Air Quality Control Branch, Pollution Control Division, Alberta Environment, Edmonton, Alberta.</subfield>
   </datafield>
   <datafield tag="245" ind1="1" ind2="2">
      <subfield code="a">A survey of the ambient air quality in the Pincher Creek area January 1 to March 24, 1981 1981</subfield>
      <subfield code="c">prepared by Air Quality Control Branch, Pollution Control Division, Alberta Environment, Edmonton, Alberta.</subfield>
   </datafield>
   <datafield tag="260" ind1=" " ind2=" ">
      <subfield code="a">Edmonton, Alta. :</subfield>
      <subfield code="b">Alta Environment,</subfield>
      <subfield code="c">1981.</subfield>
   </datafield>
   <datafield tag="300" ind1=" " ind2=" ">
      <subfield code="a">v, 17 leaves :</subfield>
      <subfield code="b">ill., map ;</subfield>
      <subfield code="c">28 cm.</subfield>
   </datafield>
   <datafield tag="336" ind1=" " ind2=" ">
      <subfield code="a">text</subfield>
      <subfield code="b">txt</subfield>
      <subfield code="2">rdacontent</subfield>
   </datafield>
   <datafield tag="337" ind1=" " ind2=" ">
      <subfield code="a">unmediated</subfield>
      <subfield code="b">n</subfield>
      <subfield code="2">rdamedia</subfield>
   </datafield>
   <datafield tag="338" ind1=" " ind2=" ">
      <subfield code="a">volume</subfield>
      <subfield code="b">nc</subfield>
      <subfield code="2">rdacarrier</subfield>
   </datafield>
   <datafield tag="596" ind1=" " ind2=" ">
      <subfield code="a">2 38</subfield>
   </datafield>
   <datafield tag="650" ind1=" " ind2="0">
      <subfield code="a">Air quality</subfield>
      <subfield code="z">Alberta</subfield>
      <subfield code="z">Pincher Creek.</subfield>
   </datafield>
   <datafield tag="650" ind1=" " ind2="0">
      <subfield code="a">Pollution.</subfield>
   </datafield>
   <datafield tag="650" ind1=" " ind2="0">
      <subfield code="a">Air</subfield>
      <subfield code="x">Pollution</subfield>
      <subfield code="z">Alberta</subfield>
      <subfield code="z">Pincher Creek region.</subfield>
   </datafield>
   <datafield tag="651" ind1=" " ind2="0">
      <subfield code="a">Pincher Creek Region (Alta.)</subfield>
   </datafield>
   <datafield tag="740" ind1="0" ind2=" ">
      <subfield code="a">Ambient air quality in the Pincher Creek area, January 1 to March 24, 1981.</subfield>
   </datafield>
   <datafield tag="926" ind1=" " ind2=" ">
      <subfield code="a">AGL_CAP</subfield>
      <subfield code="b">ON_SHELF</subfield>
      <subfield code="c">TD 883.9 P64 A333 1981</subfield>
      <subfield code="d">BOOK</subfield>
      <subfield code="f">1</subfield>
   </datafield>
   <datafield tag="926" ind1=" " ind2=" ">
      <subfield code="a">AGL_CAP</subfield>
      <subfield code="b">ARCHIVES</subfield>
      <subfield code="c">TD 883.9 P64 A333 1981</subfield>
      <subfield code="d">NO_LOAN</subfield>
      <subfield code="f">2</subfield>
   </datafield>
   <datafield tag="926" ind1=" " ind2=" ">
      <subfield code="a">UABARD</subfield>
      <subfield code="b">ON_SHELF</subfield>
      <subfield code="c">TD 883.7 C22 P6 A333 1981</subfield>
      <subfield code="d">BOOK</subfield>
      <subfield code="f">1</subfield>
   </datafield>
   <datafield tag="926" ind1=" " ind2=" ">
      <subfield code="a">UABARD</subfield>
      <subfield code="b">ON_SHELF</subfield>
      <subfield code="c">TD 883.7 C22 P6 A333 1981</subfield>
      <subfield code="d">BOOK</subfield>
      <subfield code="f">2</subfield>
   </datafield>
</record>
